% Please edit your entries to use the correct entry type and fill all required fields!

% https://tex.stackexchange.com/questions/64352/citing-a-web-page-with-no-author

% entries imported from https://github.com/iml-wg/HEP-ML-Resources
% (last sync 2017-07-03 10:00 CEST

% CaloGAN paper
%May 5, 2017
@article{Paganini:2017hrr,
 author         = "Paganini, Michela and de Oliveira, Luke and Nachman,
 Benjamin",
 title          = "{CaloGAN: Simulating 3D High Energy Particle Showers in
  Multi-Layer Electromagnetic Calorimeters with Generative
 Adversarial Networks}",
 year           = "2017",
 eprint         = "1705.02355",
 archivePrefix  = "arXiv",
 primaryClass   = "hep-ex",
}

% April 24, 2017
@article{Caron:2017hku,
	author = {Caron, Sascha and Kim, Jong Soo and Rolbiecki, Krzysztof and de Austri, Roberto Ruiz and Stienen, Bob},
	doi = {10.1140/epjc/s10052-017-4814-9},
	issn = {1434-6052},
	journal = {The European Physical Journal C},
	number = {4},
	pages = {257},
	title = {The BSM-AI project: SUSY-AI--generalizing LHC limits on supersymmetry with machine learning},
	url = {http://dx.doi.org/10.1140/epjc/s10052-017-4814-9},
	volume = {77},
	year = {2017},
	bdsk-url-1 = {http://dx.doi.org/10.1140/epjc/s10052-017-4814-9}
}


% March 9, 2017
@article{Shimmin:2017mfk,
 author         = "Shimmin, Chase and Sadowski, Peter and Baldi, Pierre and
 Weik, Edison and Whiteson, Daniel and Goul, Edward and
 Søgaard, Andreas",
 title          = "{Decorrelated Jet Substructure Tagging using Adversarial
 Neural Networks}",
 year           = "2017",
 eprint         = "1703.03507",
 archivePrefix  = "arXiv",
 primaryClass   = "hep-ex",
}

%February 2, 2017
@article{Louppe:2017ipp,
 author         = "Louppe, Gilles and Cho, Kyunghyun and Becot, Cyril and
 Cranmer, Kyle",
 title          = "{QCD-Aware Recursive Neural Networks for Jet Physics}",
 year           = "2017",
 eprint         = "1702.00748",
 archivePrefix  = "arXiv",
 primaryClass   = "hep-ph",
}

%January 20, 2017
@article{deOliveira:2017pjk,
 author         = "de Oliveira, Luke and Paganini, Michela and Nachman,
 Benjamin",
 title          = "{Learning Particle Physics by Example: Location-Aware
 Generative Adversarial Networks for Physics Synthesis}",
 year           = "2017",
 eprint         = "1701.05927",
 archivePrefix  = "arXiv",
 primaryClass   = "stat.ML",
}

%December 5, 2016
@article{Komiske:2016rsd,
 author         = "Komiske, Patrick T. and Metodiev, Eric M. and Schwartz,
 Matthew D.",
 title          = "{Deep learning in color: towards automated quark/gluon
 jet discrimination}",
 journal        = "JHEP",
 volume         = "01",
 year           = "2017",
 pages          = "110",
 doi            = "10.1007/JHEP01(2017)110",
 eprint         = "1612.01551",
 archivePrefix  = "arXiv",
 primaryClass   = "hep-ph",
 reportNumber   = "MIT-CTP-4866",
}

%November 16, 2016
@article{Acciarri:2016ryt,
 author         = "Acciarri, R. and others",
 title          = "{Convolutional Neural Networks Applied to Neutrino Events
 in a Liquid Argon Time Projection Chamber}",
 collaboration  = "MicroBooNE",
 journal        = "JINST",
 volume         = "12",
 year           = "2017",
 number         = "03",
 pages          = "P03011",
 doi            = "10.1088/1748-0221/12/03/P03011",
 eprint         = "1611.05531",
 archivePrefix  = "arXiv",
 primaryClass   = "physics.ins-det",
 reportNumber   = "FERMILAB-PUB-16-538-ND",
}

%November 15, 2016
@article{Kagan:2016wnu,
 author         = "Kagan, Michael and Oliveira, Luke de and Mackey, Lester
 and Nachman, Benjamin and Schwartzman, Ariel",
 title          = "{Boosted Jet Tagging with Jet-Images and Deep Neural
 Networks}",
 booktitle      = "{Proceedings, Connecting The Dots 2016: Vienna, Austria,
 February 22-24, 2016}",
 journal        = "EPJ Web Conf.",
 volume         = "127",
 year           = "2016",
 pages          = "00009",
 doi            = "10.1051/epjconf/201612700009",
}

%November 8, 2016
@article{Bertone:2016mdy,
 author         = "Bertone, Gianfranco and Deisenroth, Marc Peter and Kim,
 Jong Soo and Liem, Sebastian and Ruiz de Austri, Roberto
 and Welling, Max",
 title          = "{Accelerating the BSM interpretation of LHC data with
 machine learning}",
 year           = "2016",
 eprint         = "1611.02704",
 archivePrefix  = "arXiv",
 primaryClass   = "hep-ph",
}

%November 3, 2016
@article{Louppe:2016ylz,
 author         = "Louppe, Gilles and Kagan, Michael and Cranmer, Kyle",
 title          = "{Learning to Pivot with Adversarial Networks}",
 year           = "2016",
 eprint         = "1611.01046",
 archivePrefix  = "arXiv",
 primaryClass   = "stat.ME",
}

%September 2, 2016
@article{Barnard:2016qma,
 author         = "Barnard, James and Dawe, Edmund Noel and Dolan, Matthew
 J. and Rajcic, Nina",
 title          = "{Parton Shower Uncertainties in Jet Substructure Analyses
 with Deep Neural Networks}",
 journal        = "Phys. Rev.",
 volume         = "D95",
 year           = "2017",
 number         = "1",
 pages          = "014018",
 doi            = "10.1103/PhysRevD.95.014018",
 eprint         = "1609.00607",
 archivePrefix  = "arXiv",
 primaryClass   = "hep-ph",
}

%April 5, 2016
@article{Aurisano:2016jvx,
 author         = "Aurisano, A. and Radovic, A. and Rocco, D. and Himmel, A.
 and Messier, M. D. and Niner, E. and Pawloski, G. and
 Psihas, F. and Sousa, A. and Vahle, P.",
 title          = "{A Convolutional Neural Network Neutrino Event
 Classifier}",
 journal        = "JINST",
 volume         = "11",
 year           = "2016",
 number         = "09",
 pages          = "P09001",
 doi            = "10.1088/1748-0221/11/09/P09001",
 eprint         = "1604.01444",
 archivePrefix  = "arXiv",
 primaryClass   = "hep-ex",
 reportNumber   = "FERMILAB-PUB-16-082-ND",
}

%November 16, 2015
@article{deOliveira:2015xxd,
 author         = "de Oliveira, Luke and Kagan, Michael and Mackey, Lester
 and Nachman, Benjamin and Schwartzman, Ariel",
 title          = "{Jet-images — deep learning edition}",
 journal        = "JHEP",
 volume         = "07",
 year           = "2016",
 pages          = "069",
 doi            = "10.1007/JHEP07(2016)069",
 eprint         = "1511.05190",
 archivePrefix  = "arXiv",
 primaryClass   = "hep-ph",
}

%February 19, 2014
@article{Baldi:2014kfa,
 author         = "Baldi, Pierre and Sadowski, Peter and Whiteson, Daniel",
 title          = "{Searching for Exotic Particles in High-Energy Physics
 with Deep Learning}",
 journal        = "Nature Commun.",
 volume         = "5",
 year           = "2014",
 pages          = "4308",
 doi            = "10.1038/ncomms5308",
 eprint         = "1402.4735",
 archivePrefix  = "arXiv",
 primaryClass   = "hep-ph",
}

%May 30, 2013
@article{Stevens:2013dya,
 author         = "Stevens, Justin and Williams, Mike",
 title          = "{uBoost: A boosting method for producing uniform
                   selection efficiencies from multivariate classifiers}",
 journal        = "JINST",
 volume         = "8",
 year           = "2013",
 pages          = "P12013",
 doi            = "10.1088/1748-0221/8/12/P12013",
 eprint         = "1305.7248",
 archivePrefix  = "arXiv",
 primaryClass   = "nucl-ex",
 SLACcitation   = "%%CITATION = ARXIV:1305.7248;%%"
}

%October 15, 2014
@article{Rogozhnikov:2014zea,
 author         = "Rogozhnikov, Alex and Bukva, Aleksandar and Gligorov, V.
                   V. and Ustyuzhanin, Andrey and Williams, Mike",
 title          = "{New approaches for boosting to uniformity}",
 journal        = "JINST",
 volume         = "10",
 year           = "2015",
 number         = "03",
 pages          = "T03002",
 doi            = "10.1088/1748-0221/10/03/T03002",
 eprint         = "1410.4140",
 archivePrefix  = "arXiv",
 primaryClass   = "hep-ex",
 SLACcitation   = "%%CITATION = ARXIV:1410.4140;%%"
}

%October 25, 2012
@article{Gligorov:2012qt,
 author         = "Gligorov, V. V. and Williams, Mike",
 title          = "{Efficient, reliable and fast high-level triggering using
                   a bonsai boosted decision tree}",
 journal        = "JINST",
 volume         = "8",
 year           = "2013",
 pages          = "P02013",
 doi            = "10.1088/1748-0221/8/02/P02013",
 eprint         = "1210.6861",
 archivePrefix  = "arXiv",
 primaryClass   = "physics.ins-det",
 SLACcitation   = "%%CITATION = ARXIV:1210.6861;%%"
}

@book{adams1995hitchhiker,
  title={The Hitchhiker's Guide to the Galaxy},
  author={Adams, D.},
  isbn={9781417642595},
  url={http://books.google.com/books?id=W-xMPgAACAAJ},
  year={1995},
  publisher={San Val}
}
@online{PyROOT,
  key={PyROOT},
  title={PyROOT},
  url={https://root.cern.ch/pyroot}
}
@online{root_numpy,
  key={root numpy converter},
  title={root numpy converter},
  url={https://github.com/scikit-hep/root\_numpy}
}
@online{c2numpy,
  key={c2numpy},
  title={c2numpy},
  url={https://github.com/diana-hep/c2numpy}
}
@online{root4j,
  key={root4j},
  title={root4j},
  url={https://github.com/diana-hep/root4j}
}
@online{spark-root,
  key={spark-root},
  title={spark-root},
  url={https://github.com/diana-hep/spark-root}
}
@online{root2hdf5,
  key={root2hdf5},
  title={root2hdf5},
  url={http://www.rootpy.org/commands/root2hdf5.html}
}
@online{dist-keras,
  key={dist-keras},
  title={dist-keras is an extension to Keras ML framework to use Spark platform},
  url={http://github.com/cerndb/dist-keras}
}
@online{scikit-hep,
  key={scikit-hep},
  title={Scikit-HEP project},
  url={http://scikit-hep.org}
}


% GEANT4 Paper
@article{GEANT4,
      key = {GEANT4},
      author         = "Agostinelli, S. and others",
      title          = "{GEANT4: A Simulation toolkit}",
      collaboration  = "GEANT4",
      journal        = "Nucl. Instrum. Meth.",
      volume         = "A506",
      year           = "2003",
      pages          = "250-303",
      doi            = "10.1016/S0168-9002(03)01368-8",
      reportNumber   = "SLAC-PUB-9350, FERMILAB-PUB-03-339",
}

% used Machine Learning As a Service
@article{Aaij:2014azz,
      author         = "Aaij, Roel and others",
      title          = "{Search for the lepton flavour violating decay $\tau^-\to\mu^-\mu^+\mu^-$}",
      collaboration  = "LHCb",
      journal        = "JHEP",
      volume         = "02",
      year           = "2015",
      pages          = "121",
      doi            = "10.1007/JHEP02(2015)121",
      eprint         = "1409.8548",
      archivePrefix  = "arXiv",
      primaryClass   = "hep-ex",
      reportNumber   = "LHCB-PAPER-2014-052, CERN-PH-EP-2014-236",
      SLACcitation   = "%%CITATION = ARXIV:1409.8548;%%"
}

% data science + HEP collaboration example: LHCb+Yandex School Data Analysis
@article{Likhomanenko:2016tgu,
      author         = "Likhomanenko, Tatiana and Derkach, Denis and Rogozhnikov,
                        Alex",
      title          = "{Inclusive Flavour Tagging Algorithm}",
      booktitle      = "{Proceedings, 17th International Workshop on Advanced
                        Computing and Analysis Techniques in Physics Research
                        (ACAT 2016): Valparaiso, Chile, January 18-22, 2016}",
      journal        = "J. Phys. Conf. Ser.",
      volume         = "762",
      year           = "2016",
      number         = "1",
      pages          = "012045",
      doi            = "10.1088/1742-6596/762/1/012045",
      eprint         = "1705.08707",
      archivePrefix  = "arXiv",
      primaryClass   = "hep-ex",
      SLACcitation   = "%%CITATION = ARXIV:1705.08707;%%"
}


% NNPDF related references
@article{Ball:2014uwa,
      author         = "Ball, Richard D. and others",
      title          = "{Parton distributions for the LHC Run II}",
      collaboration  = "NNPDF",
      journal        = "JHEP",
      volume         = "04",
      year           = "2015",
      pages          = "040",
      doi            = "10.1007/JHEP04(2015)040",
      eprint         = "1410.8849",
      archivePrefix  = "arXiv",
      primaryClass   = "hep-ph",
      reportNumber   = "EDINBURGH-2014-15, IFUM-1034-FT, CERN-PH-TH-2013-253,
                        OUTP-14-11P, CAVENDISH-HEP-14-11",
      SLACcitation   = "%%CITATION = ARXIV:1410.8849;%%"
}

@article{Ball:2017nwa,
      author         = "Ball, Richard D. and others",
      title          = "{Parton distributions from high-precision collider data}",
      collaboration  = "NNPDF",
      year           = "2017",
      eprint         = "1706.00428",
      archivePrefix  = "arXiv",
      primaryClass   = "hep-ph",
      reportNumber   = "CAVENDISH-HEP-17-06, CERN-TH-2017-077, EDINBURGH-2017-08,
                        NIKHEF-2017-006, OUTP-17-04P, TIF-UNIMI-2017-3",
      SLACcitation   = "%%CITATION = ARXIV:1706.00428;%%"
}

@article{Bertone:2016lga,
      author         = "Bertone, Valerio and Carrazza, Stefano and Hartland,
                        Nathan P.",
      title          = "{APFELgrid: a high performance tool for parton density
                        determinations}",
      journal        = "Comput. Phys. Commun.",
      volume         = "212",
      year           = "2017",
      pages          = "205-209",
      doi            = "10.1016/j.cpc.2016.10.006",
      eprint         = "1605.02070",
      archivePrefix  = "arXiv",
      primaryClass   = "hep-ph",
      reportNumber   = "CERN-TH-2016-103",
      SLACcitation   = "%%CITATION = ARXIV:1605.02070;%%"
}

@article{Bertone:2013vaa,
      author         = "Bertone, Valerio and Carrazza, Stefano and Rojo, Juan",
      title          = "{APFEL: A PDF Evolution Library with QED corrections}",
      journal        = "Comput. Phys. Commun.",
      volume         = "185",
      year           = "2014",
      pages          = "1647-1668",
      doi            = "10.1016/j.cpc.2014.03.007",
      eprint         = "1310.1394",
      archivePrefix  = "arXiv",
      primaryClass   = "hep-ph",
      reportNumber   = "IFUM-1015-FT, CERN-PH-TH-2013-209",
      SLACcitation   = "%%CITATION = ARXIV:1310.1394;%%"
}

@article{Carrazza:2016htc,
      author         = "Carrazza, Stefano and Forte, Stefano and Kassabov, Zahari
                        and Rojo, Juan",
      title          = "{Specialized minimal PDFs for optimized LHC
                        calculations}",
      journal        = "Eur. Phys. J.",
      volume         = "C76",
      year           = "2016",
      number         = "4",
      pages          = "205",
      doi            = "10.1140/epjc/s10052-016-4042-8",
      eprint         = "1602.00005",
      archivePrefix  = "arXiv",
      primaryClass   = "hep-ph",
      reportNumber   = "CERN-PH-TH-2015-243, TIF-UNIMI-2015-13, OUTP-15-24P",
      SLACcitation   = "%%CITATION = ARXIV:1602.00005;%%"
}

@article{Carrazza:2015aoa,
      author         = "Carrazza, Stefano and Forte, Stefano and Kassabov, Zahari
                        and Latorre, Jose Ignacio and Rojo, Juan",
      title          = "{An Unbiased Hessian Representation for Monte Carlo
                        PDFs}",
      journal        = "Eur. Phys. J.",
      volume         = "C75",
      year           = "2015",
      number         = "8",
      pages          = "369",
      doi            = "10.1140/epjc/s10052-015-3590-7",
      eprint         = "1505.06736",
      archivePrefix  = "arXiv",
      primaryClass   = "hep-ph",
      reportNumber   = "TIF-UNIMI-2015-1, OUTP-15-04P",
      SLACcitation   = "%%CITATION = ARXIV:1505.06736;%%"
}

@article{Carrazza:2015hva,
      author         = "Carrazza, Stefano and Latorre, José I. and Rojo, Juan
                        and Watt, Graeme",
      title          = "{A compression algorithm for the combination of PDF
                        sets}",
      journal        = "Eur. Phys. J.",
      volume         = "C75",
      year           = "2015",
      pages          = "474",
      doi            = "10.1140/epjc/s10052-015-3703-3",
      eprint         = "1504.06469",
      archivePrefix  = "arXiv",
      primaryClass   = "hep-ph",
      reportNumber   = "TIF-UNIMI-2015-2, OUTP-15-01P, IPPP-15-22, DCPT-15-44",
      SLACcitation   = "%%CITATION = ARXIV:1504.06469;%%"
}

@article{Buckley:2014ana,
      author         = "Buckley, Andy and Ferrando, James and Lloyd, Stephen and
                        Nordström, Karl and Page, Ben and Rüfenacht, Martin and
                        Schönherr, Marek and Watt, Graeme",
      title          = "{LHAPDF6: parton density access in the LHC precision
                        era}",
      journal        = "Eur. Phys. J.",
      volume         = "C75",
      year           = "2015",
      pages          = "132",
      doi            = "10.1140/epjc/s10052-015-3318-8",
      eprint         = "1412.7420",
      archivePrefix  = "arXiv",
      primaryClass   = "hep-ph",
      reportNumber   = "GLAS-PPE-2014-05, MCNET-14-29, IPPP-14-111, DCPT-14-222",
      SLACcitation   = "%%CITATION = ARXIV:1412.7420;%%"
}


% didn't have proceedings, just reference to the workshop
@PROCEEDINGS{NIPS:2015:ALEPH,
  title = "{ALEPH Workshop @ NIPS 2015 -- Applying (machine) Learning to Experimental Physics (ALEPH) and ``Flavours of Physics» challenge''}",
  booktitle = "{ALEPH Workshop @ NIPS 2015 -- Applying (machine) Learning to Experimental Physics (ALEPH) and ``Flavours of Physics» challenge''}",
  volume = {},
  series = {Neural Information Processing Systems (NIPS)},
  year = {2015},
  url = {http://yandexdataschool.github.io/aleph2015/}
}

@PROCEEDINGS{FlavourDataMining,
  title = "Heavy Flavour Data Mining Workshop",
  booktitle = "Heavy Flavour Data Mining Workshop",
  year = {2016},
  address = "Zurich",
  url = {https://indico.cern.ch/event/433556/}
  }

@PROCEEDINGS{DSatHEP2015,
  title = "{Data Science @ LHC 2015 Workshop}",
  booktitle = "{Data Science @ LHC 2015 Workshop}",
  year = {2015},
  url = "https://indico.cern.ch/event/395374/"
}

@PROCEEDINGS{DSatHEP2016,
  title = "{DS@HEP at the Simons Foundation}",
  booktitle = "{DS@HEP at the Simons Foundation}",
  year = {2016},
  url = "https://indico.hep.caltech.edu/indico/conferenceDisplay.py?confId=102"
}

@PROCEEDINGS{DSatHEP2017,
  title = "{DS@HEP}",
  booktitle = "{DS@HEP}",
  year = {2017},
  url = "https://indico.fnal.gov/conferenceDisplay.py?confId=13497"
}


@online{interpretability,
  title = "{Interpretable Machine Learning for Complex Systems}",
  note = "{NIPS 2016 workshop proceedings}",
  url = {https://arxiv.org/html/1611.09139v1},
}

@online{opendata, 
url = {opendata.cern.ch},
}

@online{vispa, 
url = {https://vispa.physik.rwth-aachen.de},
}

% (Neubauer) Begin ME stuff
@article{Kondo:1988yd,
      author         = "Kondo, K.",
      title          = "{Dynamical Likelihood Method for Reconstruction of Events
                        With Missing Momentum. 1: Method and Toy Models}",
      journal        = "J. Phys. Soc. Jap.",
      volume         = "57",
      year           = "1988",
      pages          = "4126-4140",
      doi            = "10.1143/JPSJ.57.4126",
      SLACcitation   = "%%CITATION = JUPSA,57,4126;%%"
}

@article{Fiedler:2010sg,
      author         = "Fiedler, Frank and Grohsjean, Alexander and Haefner,
                        Petra and Schieferdecker, Philipp",
      title          = "{The Matrix Element Method and its Application in
                        Measurements of the Top Quark Mass}",
      journal        = "Nucl. Instrum. Meth.",
      volume         = "A624",
      year           = "2010",
      pages          = "203-218",
      doi            = "10.1016/j.nima.2010.09.024",
      eprint         = "1003.1316",
      archivePrefix  = "arXiv",
      primaryClass   = "hep-ex",
      SLACcitation   = "%%CITATION = ARXIV:1003.1316;%%"
}

@article{Artoisenet:2010cn,
      author         = "Artoisenet, Pierre and Lemaitre, Vincent and Maltoni,
                        Fabio and Mattelaer, Olivier",
      title          = "{Automation of the matrix element reweighting method}",
      journal        = "JHEP",
      volume         = "12",
      year           = "2010",
      pages          = "068",
      doi            = "10.1007/JHEP12(2010)068",
      eprint         = "1007.3300",
      archivePrefix  = "arXiv",
      primaryClass   = "hep-ph",
      reportNumber   = "CP3-10-27, RM3-TH-10-17",
      SLACcitation   = "%%CITATION = ARXIV:1007.3300;%%"
}

@ARTICLE{2011arXiv1101.2259V,
   author = {{Volobouev}, I.},
    title = "{Matrix Element Method in HEP: Transfer Functions, Efficiencies, and Likelihood Normalization}",
  journal = {ArXiv e-prints},
archivePrefix = "arXiv",
   eprint = {1101.2259},
 primaryClass = "physics.data-an",
 keywords = {Physics - Data Analysis, Statistics and Probability},
     year = 2011,
    month = jan,
   adsurl = {http://adsabs.harvard.edu/abs/2011arXiv1101.2259V},
  adsnote = {Provided by the SAO/NASA Astrophysics Data System}
}

@article{Elahi:2017ppe,
      author         = "Elahi, Fatemeh and Martin, Adam",
      title          = "{Using the modified matrix element method to constrain
                        $L_\mu - L_\tau$ interactions}",
      journal        = "Phys. Rev.",
      volume         = "D96",
      year           = "2017",
      number         = "1",
      pages          = "015021",
      doi            = "10.1103/PhysRevD.96.015021",
      eprint         = "1705.02563",
      archivePrefix  = "arXiv",
      primaryClass   = "hep-ph",
      SLACcitation   = "%%CITATION = ARXIV:1705.02563;%%"
}

@article{Abazov:2004cs,
      author         = "Abazov, V. M. and others",
      title          = "{A precision measurement of the mass of the top quark}",
      collaboration  = "D0",
      journal        = "Nature",
      volume         = "429",
      year           = "2004",
      pages          = "638-642",
      doi            = "10.1038/nature02589",
      eprint         = "hep-ex/0406031",
      archivePrefix  = "arXiv",
      primaryClass   = "hep-ex",
      reportNumber   = "FERMILAB-PUB-04-083-E",
      SLACcitation   = "%%CITATION = HEP-EX/0406031;%%"
}

@article{Abulencia:2006ry,
      author         = "Abulencia, A. and others",
      title          = "{Precision measurement of the top quark mass from
                        dilepton events at CDF II}",
      collaboration  = "CDF",
      journal        = "Phys. Rev.",
      volume         = "D75",
      year           = "2007",
      pages          = "031105",
      doi            = "10.1103/PhysRevD.75.031105",
      eprint         = "hep-ex/0612060",
      archivePrefix  = "arXiv",
      primaryClass   = "hep-ex",
      reportNumber   = "FERMILAB-PUB-06-490-E",
      SLACcitation   = "%%CITATION = HEP-EX/0612060;%%"
}

@article{Aaltonen:2008mv,
      author         = "Aaltonen, T. and others",
      title          = "{First Measurement of $Z Z$ Production in panti-p
                        Collisions at $\sqrt{s}$ = 1.96-TeV}",
      collaboration  = "CDF",
      journal        = "Phys. Rev. Lett.",
      volume         = "100",
      year           = "2008",
      pages          = "201801",
      doi            = "10.1103/PhysRevLett.100.201801",
      eprint         = "0801.4806",
      archivePrefix  = "arXiv",
      primaryClass   = "hep-ex",
      reportNumber   = "FERMILAB-PUB-08-022-E",
      SLACcitation   = "%%CITATION = ARXIV:0801.4806;%%"
}

@article{Aaltonen:2010cm,
      author         = "Aaltonen, T. and others",
      title          = "{Inclusive Search for Standard Model Higgs Boson
                        Production in the WW Decay Channel using the CDF II
                        Detector}",
      collaboration  = "CDF",
      journal        = "Phys. Rev. Lett.",
      volume         = "104",
      year           = "2010",
      pages          = "061803",
      doi            = "10.1103/PhysRevLett.104.061803",
      eprint         = "1001.4468",
      archivePrefix  = "arXiv",
      primaryClass   = "hep-ex",
      reportNumber   = "FERMILAB-PUB-10-016-E",
      SLACcitation   = "%%CITATION = ARXIV:1001.4468;%%"
}

@article{Abazov:2009ii,
      author         = "Abazov, V. M. and others",
      title          = "{Observation of Single Top Quark Production}",
      collaboration  = "D0",
      journal        = "Phys. Rev. Lett.",
      volume         = "103",
      year           = "2009",
      pages          = "092001",
      doi            = "10.1103/PhysRevLett.103.092001",
      eprint         = "0903.0850",
      archivePrefix  = "arXiv",
      primaryClass   = "hep-ex",
      reportNumber   = "FERMILAB-PUB-09-056-E",
      SLACcitation   = "%%CITATION = ARXIV:0903.0850;%%"
}

@article{Aaltonen:2009jj,
      author         = "Aaltonen, T. and others",
      title          = "{First Observation of Electroweak Single Top Quark
                        Production}",
      collaboration  = "CDF",
      journal        = "Phys. Rev. Lett.",
      volume         = "103",
      year           = "2009",
      pages          = "092002",
      doi            = "10.1103/PhysRevLett.103.092002",
      eprint         = "0903.0885",
      archivePrefix  = "arXiv",
      primaryClass   = "hep-ex",
      reportNumber   = "FERMILAB-PUB-09-059-E",
      SLACcitation   = "%%CITATION = ARXIV:0903.0885;%%"
}

@article{Chatrchyan:2012xdj,
      author         = "Chatrchyan, Serguei and others",
      title          = "{Observation of a new boson at a mass of 125 GeV with the
                        CMS experiment at the LHC}",
      collaboration  = "CMS",
      journal        = "Phys. Lett.",
      volume         = "B716",
      year           = "2012",
      pages          = "30-61",
      doi            = "10.1016/j.physletb.2012.08.021",
      eprint         = "1207.7235",
      archivePrefix  = "arXiv",
      primaryClass   = "hep-ex",
      reportNumber   = "CMS-HIG-12-028, CERN-PH-EP-2012-220",
      SLACcitation   = "%%CITATION = ARXIV:1207.7235;%%"
}

@article{Chatrchyan:2013mxa,
      author         = "Chatrchyan, Serguei and others",
      title          = "{Measurement of the properties of a Higgs boson in the
                        four-lepton final state}",
      collaboration  = "CMS",
      journal        = "Phys. Rev.",
      volume         = "D89",
      year           = "2014",
      number         = "9",
      pages          = "092007",
      doi            = "10.1103/PhysRevD.89.092007",
      eprint         = "1312.5353",
      archivePrefix  = "arXiv",
      primaryClass   = "hep-ex",
      reportNumber   = "CMS-HIG-13-002, CERN-PH-EP-2013-220",
      SLACcitation   = "%%CITATION = ARXIV:1312.5353;%%"
}

@article{Aad:2014eva,
      author         = "Aad, Georges and others",
      title          = "{Measurements of Higgs boson production and couplings in
                        the four-lepton channel in pp collisions at center-of-mass
                        energies of 7 and 8 TeV with the ATLAS detector}",
      collaboration  = "ATLAS",
      journal        = "Phys. Rev.",
      volume         = "D91",
      year           = "2015",
      number         = "1",
      pages          = "012006",
      doi            = "10.1103/PhysRevD.91.012006",
      eprint         = "1408.5191",
      archivePrefix  = "arXiv",
      primaryClass   = "hep-ex",
      reportNumber   = "CERN-PH-EP-2014-170",
      SLACcitation   = "%%CITATION = ARXIV:1408.5191;%%"
}

@article{Khachatryan:2015tzo,
      author         = "Khachatryan, Vardan and others",
      title          = "{Measurement of spin correlations in $t\bar{t}$
                        production using the matrix element method in the
                        muon+jets final state in pp collisions at $\sqrt{s} =$ 8
                        TeV}",
      collaboration  = "CMS",
      journal        = "Phys. Lett.",
      volume         = "B758",
      year           = "2016",
      pages          = "321-346",
      doi            = "10.1016/j.physletb.2016.05.005",
      eprint         = "1511.06170",
      archivePrefix  = "arXiv",
      primaryClass   = "hep-ex",
      reportNumber   = "CMS-TOP-13-015, CERN-PH-EP-2015-289,
                        FERMILAB-PUB-15-512-CMS",
      SLACcitation   = "%%CITATION = ARXIV:1511.06170;%%"
}

@article{Khachatryan:2015ila,
      author         = "Khachatryan, Vardan and others",
      title          = "{Search for a Standard Model Higgs Boson Produced in
                        Association with a Top-Quark Pair and Decaying to Bottom
                        Quarks Using a Matrix Element Method}",
      collaboration  = "CMS",
      journal        = "Eur. Phys. J.",
      volume         = "C75",
      year           = "2015",
      number         = "6",
      pages          = "251",
      doi            = "10.1140/epjc/s10052-015-3454-1",
      eprint         = "1502.02485",
      archivePrefix  = "arXiv",
      primaryClass   = "hep-ex",
      reportNumber   = "CMS-HIG-14-010, CERN-PH-EP-2015-016",
      SLACcitation   = "%%CITATION = ARXIV:1502.02485;%%"
}

@article{Aad:2015gra,
      author         = "Aad, Georges and others",
      title          = "{Search for the Standard Model Higgs boson produced in
                        association with top quarks and decaying into $b\bar{b}$
                        in pp collisions at $\sqrt{s}$ = 8 TeV with the ATLAS
                        detector}",
      collaboration  = "ATLAS",
      journal        = "Eur. Phys. J.",
      volume         = "C75",
      year           = "2015",
      number         = "7",
      pages          = "349",
      doi            = "10.1140/epjc/s10052-015-3543-1",
      eprint         = "1503.05066",
      archivePrefix  = "arXiv",
      primaryClass   = "hep-ex",
      reportNumber   = "CERN-PH-EP-2015-047",
      SLACcitation   = "%%CITATION = ARXIV:1503.05066;%%"
}

@article{Aad:2015upn,
      author         = "Aad, Georges and others",
      title          = "{Evidence for single top-quark production in the
                        $s$-channel in proton-proton collisions at $\sqrt{s}=$8
                        TeV with the ATLAS detector using the Matrix Element
                        Method}",
      collaboration  = "ATLAS",
      journal        = "Phys. Lett.",
      volume         = "B756",
      year           = "2016",
      pages          = "228-246",
      doi            = "10.1016/j.physletb.2016.03.017",
      eprint         = "1511.05980",
      archivePrefix  = "arXiv",
      primaryClass   = "hep-ex",
      reportNumber   = "CERN-PH-EP-2015-286",
      SLACcitation   = "%%CITATION = ARXIV:1511.05980;%%"
}

@article{Bayes01011763,
    author = {Bayes, Mr. and Price, Mr.}, 
    title = {An Essay towards Solving a Problem in the Doctrine of Chances. By the Late Rev. Mr. Bayes, F. R. S. Communicated by Mr. Price, in a Letter to John Canton, A. M. F. R. S.},
    volume = {53}, 
    pages = {370-418}, 
    year = {1763}, 
    doi = {10.1098/rstl.1763.0053}, 
    URL = {http://rstl.royalsocietypublishing.org/content/53/370.short}, 
    eprint = {http://rstl.royalsocietypublishing.org/content/53/370.full.pdf+html}, 
    journal = {Philosophical Transactions} 
}

@article {Neyman289,
	author = {Neyman, J. and Pearson, E. S.},
	title = {On the Problem of the Most Efficient Tests of Statistical Hypotheses},
	volume = {231},
	number = {694-706},
	pages = {289--337},
	year = {1933},
	doi = {10.1098/rsta.1933.0009},
	publisher = {The Royal Society},
	issn = {0264-3952},
	URL = {http://rsta.royalsocietypublishing.org/content/231/694-706/289},
	eprint = {http://rsta.royalsocietypublishing.org/content/231/694-706/289.full.pdf},
	journal = {Philosophical Transactions of the Royal Society of London A: Mathematical, Physical and Engineering Sciences}
}

@article{Alwall:2010cq,
      author         = "Alwall, J. and Freitas, A. and Mattelaer, O.",
      title          = "{The Matrix Element Method and QCD Radiation}",
      journal        = "Phys. Rev.",
      volume         = "D83",
      year           = "2011",
      pages          = "074010",
      doi            = "10.1103/PhysRevD.83.074010",
      eprint         = "1010.2263",
      archivePrefix  = "arXiv",
      primaryClass   = "hep-ph",
      reportNumber   = "CP3-10-35",
      SLACcitation   = "%%CITATION = ARXIV:1010.2263;%%"
}

@article{Alwall:2014hca,
      author         = "Alwall, J. and Frederix, R. and Frixione, S. and Hirschi,
                        V. and Maltoni, F. and Mattelaer, O. and Shao, H. -S. and
                        Stelzer, T. and Torrielli, P. and Zaro, M.",
      title          = "{The automated computation of tree-level and
                        next-to-leading order differential cross sections, and
                        their matching to parton shower simulations}",
      journal        = "JHEP",
      volume         = "07",
      year           = "2014",
      pages          = "079",
      doi            = "10.1007/JHEP07(2014)079",
      eprint         = "1405.0301",
      archivePrefix  = "arXiv",
      primaryClass   = "hep-ph",
      reportNumber   = "CERN-PH-TH-2014-064, CP3-14-18, LPN14-066, MCNET-14-09,
                        ZU-TH-14-14",
      SLACcitation   = "%%CITATION = ARXIV:1405.0301;%%"
}

@article{PETERLEPAGE1978192,
    title = "A new algorithm for adaptive multidimensional integration",
    journal = "Journal of Computational Physics",
    volume = "27",
    number = "2",
    pages = "192 - 203",
    year = "1978",
    note = "",
    issn = "0021-9991",
    doi = "http://dx.doi.org/10.1016/0021-9991(78)90004-9",
    url = "http://www.sciencedirect.com/science/article/pii/0021999178900049",
    author = "G Peter Lepage",
}

@article{Ohl:1998jn,
      author         = "Ohl, Thorsten",
      title          = "{Vegas revisited: Adaptive Monte Carlo integration beyond
                        factorization}",
      journal        = "Comput. Phys. Commun.",
      volume         = "120",
      year           = "1999",
      pages          = "13-19",
      doi            = "10.1016/S0010-4655(99)00209-X",
      eprint         = "hep-ph/9806432",
      archivePrefix  = "arXiv",
      primaryClass   = "hep-ph",
      reportNumber   = "IKDA-98-15",
      SLACcitation   = "%%CITATION = HEP-PH/9806432;%%"
}

@article{JADACH200355,
    title = "Foam: A general-purpose cellular Monte Carlo event generator",
    journal = "Computer Physics Communications",
    volume = "152",
    number = "1",
    pages = "55 - 100",
    year = "2003",
    note = "",
    issn = "0010-4655",
    doi = "http://dx.doi.org/10.1016/S0010-4655(02)00755-5",
    url = "http://www.sciencedirect.com/science/article/pii/S0010465502007555",
    author = "S Jadach",
}

@article{Press:1989vk,
      author         = "Press, William H. and Farrar, Glennys R.",
      title          = "{RECURSIVE STRATIFIED SAMPLING FOR MULTIDIMENSIONAL MONTE
                        CARLO INTEGRATION}",
      journal        = "Submitted to: Comp.in Phys.",
      year           = "1989",
      reportNumber   = "CFA-3010",
      SLACcitation   = "%%CITATION = CFA-3010;%%"
}

@article{CSEarticle2006,
    author = "Zhe-Zhao, Zeng and Yao-Nan, Wang and Hui, Wen",
    year = "2006",
    month = "08",
    pages = "42-48",
    title = "Numerical integration based on a neural network algorithm",
    volume = "8",
    booktitle = "Computing in Science & Engineering"
}

@INPROCEEDINGS{TICNC4344207, 
    author={L. y. Xu and L. j. Li}, 
    booktitle={Third International Conference on Natural Computation (ICNC 2007)}, 
    title={The New Numerical Integration Algorithm Based on Neural Network}, 
    year={2007}, 
    volume={1}, 
    pages={325-328}, 
    doi={10.1109/ICNC.2007.730}, 
    ISSN={2157-9555}, 
    month={Aug}
}

@article{IJMC2013,
    title    = {Spline Basis Neural Network Algorithm for Numerical Integration},
    author    = {Lina Yan and  Jingjing Di and  Ke Wang},
    email	    = {kwang@shu.edu.cn. , linayan0718@126.com. , 419287993@qq.com.}  ,
    country   = {},
    institution={},
    journal   = {International Journal of Mathematical, Computational, Physical, Electrical and Computer Engineering},  volume    = {7},
    number    = {3},
    year      = {2013},
    pages     = {458 - 461},
    ee        = {http://waset.org/publications/16991},
    url       = {http://waset.org/Publications?p=75},
    bibsource = {http://waset.org/Publications},
    issn      = {PISSN:2010-376X, EISSN:2010-3778},
    publisher = {World Academy of Science, Engineering and Technology},
    index     = {International Science Index 75, 2013},
}

@article{friedman2000,
    author = "Friedman, Jerome and Hastie, Trevor and Tibshirani, Robert",
    doi = "10.1214/aos/1016218223",
    fjournal = "The Annals of Statistics",
    journal = "Ann. Statist.",
    month = "04",
    number = "2",
    pages = "337--407",
    publisher = "The Institute of Mathematical Statistics",
    title = "Additive logistic regression: a statistical view of boosting (With
	    	 discussion and a rejoinder by the authors)",
    url = "http://dx.doi.org/10.1214/aos/1016218223",
    volume = "28",
    year = "2000"
}

@article{friedman2001,
    author = "Friedman, Jerome H.",
    doi = "10.1214/aos/1013203451",
    fjournal = "The Annals of Statistics",
    journal = "Ann. Statist.",
    month = "10",
    number = "5",
    pages = "1189--1232",
    publisher = "The Institute of Mathematical Statistics",
    title = "Greedy function approximation: A gradient boosting
			 machine.",
    url = "http://dx.doi.org/10.1214/aos/1013203451",
    volume = "29",
    year = "2001"
}


@ARTICLE{GAN2014arXiv1406.2661G,
   author = {{Goodfellow}, I.~J. and {Pouget-Abadie}, J. and {Mirza}, M. and 
	{Xu}, B. and {Warde-Farley}, D. and {Ozair}, S. and {Courville}, A. and 
	{Bengio}, Y.},
    title = "{Generative Adversarial Networks}",
  journal = {ArXiv e-prints},
archivePrefix = "arXiv",
   eprint = {1406.2661},
 primaryClass = "stat.ML",
 keywords = {Statistics - Machine Learning, Computer Science - Learning},
     year = 2014,
    month = jun,
   adsurl = {http://adsabs.harvard.edu/abs/2014arXiv1406.2661G},
  adsnote = {Provided by the SAO/NASA Astrophysics Data System}
}

@article{Bendavid:2017zhk,
      author         = "Bendavid, Joshua",
      title          = "{Efficient Monte Carlo Integration Using Boosted Decision
                        Trees and Generative Deep Neural Networks}",
      year           = "2017",
      eprint         = "1707.00028",
      archivePrefix  = "arXiv",
      primaryClass   = "hep-ph",
      SLACcitation   = "%%CITATION = ARXIV:1707.00028;%%"
}

@online{MoMEMta,
  key={MoMEMta},
  title={MeMEMta: Modular Matrix Element Implementation},
  url={https://github.com/MoMEMta}
}